%YAML 1.1
%TAG !u! tag:unity3d.com,2011:
--- !u!114 &632910384364879406
MonoBehaviour:
  m_ObjectHideFlags: 0
  m_CorrespondingSourceObject: {fileID: 0}
  m_PrefabInstance: {fileID: 0}
  m_PrefabAsset: {fileID: 0}
  m_GameObject: {fileID: 3493592356398567695}
  m_Enabled: 1
  m_EditorHideFlags: 0
  m_Script: {fileID: 11500000, guid: f08fe32070ab616498c5911b05ec6cd9, type: 3}
  m_Name: 
  m_EditorClassIdentifier: 
--- !u!1 &3494741055947125342
GameObject:
  m_ObjectHideFlags: 0
  m_CorrespondingSourceObject: {fileID: 0}
  m_PrefabInstance: {fileID: 0}
  m_PrefabAsset: {fileID: 0}
  serializedVersion: 6
  m_Component:
  - component: {fileID: 3494741055947125341}
  - component: {fileID: 6297467449698941258}
  - component: {fileID: 114569102187729658}
  m_Layer: 0
  m_Name: RightHandTest
  m_TagString: Untagged
  m_Icon: {fileID: 0}
  m_NavMeshLayer: 0
  m_StaticEditorFlags: 0
  m_IsActive: 1
--- !u!4 &3494741055947125341
Transform:
  m_ObjectHideFlags: 0
  m_CorrespondingSourceObject: {fileID: 0}
  m_PrefabInstance: {fileID: 0}
  m_PrefabAsset: {fileID: 0}
  m_GameObject: {fileID: 3494741055947125342}
  m_LocalRotation: {x: 0, y: 0, z: 0, w: 1}
  m_LocalPosition: {x: -1.385, y: 0.719, z: -1.094}
  m_LocalScale: {x: 1, y: 1, z: 1}
  m_Children:
  - {fileID: 3490739586461036871}
  m_Father: {fileID: 0}
  m_RootOrder: 0
  m_LocalEulerAnglesHint: {x: 0, y: 0, z: 0}
--- !u!114 &6297467449698941258
MonoBehaviour:
  m_ObjectHideFlags: 0
  m_CorrespondingSourceObject: {fileID: 0}
  m_PrefabInstance: {fileID: 0}
  m_PrefabAsset: {fileID: 0}
  m_GameObject: {fileID: 3494741055947125342}
  m_Enabled: 1
  m_EditorHideFlags: 0
  m_Script: {fileID: 11500000, guid: 00e4393b91d44a74ea9eceefb7007d10, type: 3}
  m_Name: 
  m_EditorClassIdentifier: 
  trailDotPrefab: {fileID: 1858195031279887877, guid: 310abbc197b9c4447982ba4a767fb774,
    type: 3}
  AMMO: {fileID: 1702846032112036531, guid: ffd9001a202f8b1448644b5507d670b9, type: 3}
  LAUNCH_FORCE: 10
  PROJECTILE_MASS: 1
--- !u!114 &114569102187729658
MonoBehaviour:
  m_ObjectHideFlags: 0
  m_CorrespondingSourceObject: {fileID: 0}
  m_PrefabInstance: {fileID: 0}
  m_PrefabAsset: {fileID: 0}
  m_GameObject: {fileID: 3494741055947125342}
  m_Enabled: 1
  m_EditorHideFlags: 0
  m_Script: {fileID: 11500000, guid: ef91a627a11b4a22b41dd9109dfd8703, type: 3}
  m_Name: 
  m_EditorClassIdentifier: 
  handedness: 2
  destroyOnSourceLost: 1
  useSourcePoseData: 0
  poseAction:
    id: 3
    description: Grip Pose
    axisConstraint: 7
--- !u!1001 &3494741055215270889
PrefabInstance:
  m_ObjectHideFlags: 0
  serializedVersion: 2
  m_Modification:
    m_TransformParent: {fileID: 3494741055947125341}
    m_Modifications:
    - target: {fileID: 4021266016307886, guid: 392a05bd229c33043ae112a856120172, type: 3}
      propertyPath: m_LocalPosition.x
      value: 0
      objectReference: {fileID: 0}
    - target: {fileID: 4021266016307886, guid: 392a05bd229c33043ae112a856120172, type: 3}
      propertyPath: m_LocalPosition.y
      value: -0.047
      objectReference: {fileID: 0}
    - target: {fileID: 4021266016307886, guid: 392a05bd229c33043ae112a856120172, type: 3}
      propertyPath: m_LocalPosition.z
      value: 0
      objectReference: {fileID: 0}
    - target: {fileID: 4021266016307886, guid: 392a05bd229c33043ae112a856120172, type: 3}
      propertyPath: m_LocalRotation.x
      value: 0
      objectReference: {fileID: 0}
    - target: {fileID: 4021266016307886, guid: 392a05bd229c33043ae112a856120172, type: 3}
      propertyPath: m_LocalRotation.y
      value: 0
      objectReference: {fileID: 0}
    - target: {fileID: 4021266016307886, guid: 392a05bd229c33043ae112a856120172, type: 3}
      propertyPath: m_LocalRotation.z
      value: 0
      objectReference: {fileID: 0}
    - target: {fileID: 4021266016307886, guid: 392a05bd229c33043ae112a856120172, type: 3}
      propertyPath: m_LocalRotation.w
      value: 1
      objectReference: {fileID: 0}
    - target: {fileID: 4021266016307886, guid: 392a05bd229c33043ae112a856120172, type: 3}
      propertyPath: m_RootOrder
      value: 0
      objectReference: {fileID: 0}
    - target: {fileID: 4021266016307886, guid: 392a05bd229c33043ae112a856120172, type: 3}
      propertyPath: m_LocalEulerAnglesHint.x
      value: 0
      objectReference: {fileID: 0}
    - target: {fileID: 4021266016307886, guid: 392a05bd229c33043ae112a856120172, type: 3}
      propertyPath: m_LocalEulerAnglesHint.y
      value: 0
      objectReference: {fileID: 0}
    - target: {fileID: 4021266016307886, guid: 392a05bd229c33043ae112a856120172, type: 3}
      propertyPath: m_LocalEulerAnglesHint.z
      value: 0
      objectReference: {fileID: 0}
    - target: {fileID: 1244390726855398, guid: 392a05bd229c33043ae112a856120172, type: 3}
      propertyPath: m_Name
      value: SciFiHandGun
      objectReference: {fileID: 0}
    m_RemovedComponents: []
  m_SourcePrefab: {fileID: 100100000, guid: 392a05bd229c33043ae112a856120172, type: 3}
--- !u!1 &3493592356398567695 stripped
GameObject:
  m_CorrespondingSourceObject: {fileID: 1244390726855398, guid: 392a05bd229c33043ae112a856120172,
    type: 3}
  m_PrefabInstance: {fileID: 3494741055215270889}
  m_PrefabAsset: {fileID: 0}
--- !u!4 &3490739586461036871 stripped
Transform:
  m_CorrespondingSourceObject: {fileID: 4021266016307886, guid: 392a05bd229c33043ae112a856120172,
    type: 3}
  m_PrefabInstance: {fileID: 3494741055215270889}
  m_PrefabAsset: {fileID: 0}
